<?xml version="1.0" encoding="UTF-8"?><collection xmlns="http://www.loc.gov/MARC21/slim"><record><leader>00343nam--2200133-i-4500</leader><controlfield tag="001">000003552</controlfield><controlfield tag="002">20161230</controlfield><controlfield tag="005">20161230201025</controlfield><controlfield tag="008">060222s1000------------r-----000-0-eng-d</controlfield><datafield ind1=" " ind2=" " tag="080"><subfield code="a">545.81</subfield></datafield><datafield ind1=" " ind2=" " tag="100"><subfield code="a">Babko, A.K. Pilipemko,A.T</subfield></datafield><datafield ind1=" " ind2=" " tag="245"><subfield code="a">Analiza colorimetrica.traducere din limba rusa</subfield></datafield><datafield ind1=" " ind2=" " tag="260"><subfield code="a">Bucuresti,I.D.T/ 94p.+ Erata</subfield></datafield><datafield ind1=" " ind2=" " tag="852"><subfield code="a">1003</subfield></datafield></record></collection>